% OpenFlow
@book{nick2008openflow,
  title={OpenFlow: Enabling Innovation in Campus Networks},
  author={Nick McKeown and Tom Anderson, Hari Balakrishnan and
          Guru Parulkar and Larry Peterson and Jennifer Rexford and
          Scott Shenker and Jonathan Turner},
  year={2008},
  publisher={ACM}
}


% Overlay networks
@book{clark2006overlay,
  title={Overlay Networks and the Future of the Internet},
  author={Dave CLARK and Bill LEHR and Steve BAUER and Peyman FARATIN
      and Rahul SAMI},
  url={http://people.csail.mit.edu/wlehr/Lehr-Papers_files/
      Clark%20Lehr%20et%20al%20Overlays%20CandS%20Sept2006.pdf},
  year={2006},
  publisher={Massachusetts Institute of Technology}
}


% Minicurso SBRC
@misc{guedes2012redes,
    Author = {Guedes, Dorgival and Vieira, Luiz and Vieira,
        Marcos and Rodrigues, Henrique},
    Booktitle = {Minicursos do Simp{\'o}sio Brasileiro de Redes de
        Computadores e Sistemas Distribu{\'\i}dos},
    Title = {Redes Definidas por Software: uma abordagem sist{\^e}mica
        para o desenvolvimento de pesquisas em Redes de Computadores},
    Year = 2012
}


% PlanetLab
@inproceedings{peterson2006experiences,
    author = {Peterson, Larry and Bavier, Andy and Fiuczynski,
        Marc E. and Muir, Steve},
    title = {Experiences Building PlanetLab},
    booktitle = {Proceedings of the 7th Symposium on Operating Systems
        Design and Implementation},
    series = {OSDI '06},
    year = {2006},
    isbn = {1-931971-47-1},
    location = {Seattle, Washington},
    pages = {351--366},
    numpages = {16},
    url = {http://dl.acm.org/citation.cfm?id=1298455.1298489},
    acmid = {1298489},
    publisher = {USENIX Association},
    address = {Berkeley, CA, USA},
}


% GENI network
@article{berman2014geni,
    title = "GENI: A federated testbed for innovative network experiments ",
    journal = "Computer Networks ",
    volume = "61",
    number = "0",
    pages = "5 - 23",
    year = "2014",
    note = "Special issue on Future Internet Testbeds – Part I ",
    issn = "1389-1286",
    doi = "http://dx.doi.org/10.1016/j.bjp.2013.12.037",
    url = "http://www.sciencedirect.com/science/article/pii/S1389128613004507",
    author = "Mark Berman and Jeffrey S. Chase and Lawrence Landweber and
        Akihiro Nakao and Max Ott and Dipankar Raychaudhuri and
        Robert Ricci and Ivan Seskar",
}


% Openflow e as redes definidas por software
@article{rothenberg2010openflow,
    title={OpenFlow e redes definidas por software: um novo paradigma de
        controle e inova{\c{c}}{\~a}o em redes de pacotes},
    author={Rothenberg, Christian Esteve and Nascimento, Marcelo Ribeiro and
        Salvador, Marcos Rog{\'e}rio and
            Magalh{\~a}es, Maur{\'\i}cio Ferreira},
    journal={Cad. CPqD Tecnologia, Campinas},
    volume={7},
    number={1},
    pages={65--76},
    year={2010}
}


% MPLS
@book{bruce2008mpls,
  title={MPLS: Next Steps},
  author={Bruce S.. Davie and Farrel, Adrian},
  year={2008},
  publisher={Elsevier}
}


% Openflow specfication
@ONLINE{ofprotocol2015,
    author = {Open Networking Foundation, ONF},
    title = {OpenFlow 1.5 specification},
    month = Dec,
    year = {2014},
    url = {https://www.opennetworking.org/images/stories/downloads/
        sdn-resources/onf-specifications/openflow/
            openflow-switch-v1.5.0.noipr.pdf}
}


% Conectividade rede Ipê
@ONLINE{rede2015conectividade,
    author = {Rede Nacional de Pesquisa},
    title = {Conectividade rede Ipê},
    month = Dec,
    year = {2015},
    url = {https://www.rnp.br/servicos/conectividade/trafego}
}


% Lib fluid
@ONLINE{libfluid2015,
    author = {Libfluid, CNPq},
    title = {Libfluid},
    month = Feb,
    year = {2015},
    url = {http://opennetworkingfoundation.github.io/libfluid/index.html}
}


% Nox controller
@ONLINE{nox2015,
    author = {NOX, controller},
    title = {NOX controller},
    month = feb,
    year = {2015},
    url = {http://www.noxrepo.org/nox/about-nox/}
}


% Beacon controller
@ONLINE{beacon2015,
    author = {Beacon, controller},
    title = {Beacon controller},
    month = feb,
    year = {2015},
    url = {https://openflow.stanford.edu/display/Beacon/Home}
}


% Pox controller
@ONLINE{pox2015,
    author = {POX, controller},
    title = {POX controller},
    month = feb,
    year = {2015},
    url = {http://www.noxrepo.org/pox/about-pox/}
}


% Ryu controller
@ONLINE{ryu2015,
    author = {Ryu, controller},
    title = {Ryu controller},
    month = feb,
    year = {2015},
    url = {http://osrg.github.io/ryu/}
}


% SDN Internet archtecture
@article{barath2012software,
  title={Software-Defined Internet Architecture},
  author={Barath, Raghavan and Teemu, Koponen and Ali, Ghodsi and
          Martín, Casado and Sylvia, Ratnasamy and Scott, Shenker},
  year={2012},
  publisher={Hotnets ’12 ACM}
}


% Programable routers
@inproceedings{martin2010virtualizing,
    Address = {New York, NY, USA},
    Articleno = {8},
    Author = {Casado, Martin and Koponen, Teemu and Ramanathan, Rajiv
        and Shenker, Scott},
    Booktitle = {Proceedings of the Workshop on Programmable Routers for
        Extensible Services of Tomorrow},
    Doi = {http://doi.acm.org/10.1145/1921151.1921162},
    Isbn = {978-1-4503-0467-2},
    Location = {Philadelphia, Pennsylvania},
    Numpages = {6},
    Pages = {8:1-8:6},
    Publisher = {ACM},
    Series = {PRESTO '10},
    Title = {Virtualizing the network forwarding plane},
    Url = {http://doi.acm.org/10.1145/1921151.1921162},
    Year = {2010},
    Bdsk-Url-1 = {http://doi.acm.org/10.1145/1921151.1921162}
}


% Ripcord
@article{ripcord,
    Author = {Heller, Brandon and others},
    Date-Added = {2012-11-16 00:17:12 +0000},
    Date-Modified = {2012-11-16 00:25:52 +0000},
    Journal = {SIGCOMM Comput. Commun. Rev.},
    Pages = {457--458},
    Title = {Ripcord: a modular platform for data center networking},
    Volume = {40},
    Year = {2010}
}

% Graph as a primitive
@inproceedings{ramya2012dynamic,
    Author = {Ramya Raghavendra and Jorge Lobo and Kang-Won Lee},
    Booktitle = {Proceedings of the Workshop on Hot Topics on Software
        Defined Networking, HotSDN'12},
    Title = {Dynamic Graph Query Primitives for {SDN}-based
        Cloud Network Management},
    Year = {2012}
}

% Onix
@inproceedings{teemu2010onix,
    Acmid = {1924968},
    Address = {Berkeley, CA, USA},
    Author = {Koponen, Teemu and Casado, Martin and Gude, Natasha and
        Stribling, Jeremy and Poutievski, Leon and Zhu, Min and Ramanathan,
        Rajiv and Iwata, Yuichiro and Inoue, Hiroaki and Hama,
        Takayuki and Shenker, Scott},
    Booktitle = {Proceedings of the 9th USENIX conference on Operating
        systems design and implementation},
    Location = {Vancouver, BC, Canada},
    Numpages = {6},
    Pages = {1-6},
    Publisher = {USENIX Association},
    Series = {OSDI'10},
    Title = {Onix: a distributed control platform for large-scale
        production networks},
    Url = {http://dl.acm.org/citation.cfm?id=1924943.1924968},
    Year = {2010},
    Bdsk-Url-1 = {http://dl.acm.org/citation.cfm?id=1924943.1924968}
}


%Frenetic
@article{foster2011frenetic,
    author = {Foster, Nate and Harrison, Rob and Freedman, Michael J.
        and Monsanto, Christopher and Rexford, Jennifer and Story,
        Alec and Walker, David},
    title = {Frenetic: a network programming language},
    journal = {SIGPLAN Not.},
    issue_date = {September 2011},
    volume = {46},
    number = {9},
    month = sep,
    year = {2011},
    issn = {0362-1340},
    pages = {279--291},
    numpages = {13},
    url = {http://doi.acm.org/10.1145/2034574.2034812},
    doi = {10.1145/2034574.2034812},
    acmid = {2034812},
    publisher = {ACM},
    address = {New York, NY, USA},
    keywords = {domain-specific languages, functional reactive programming,
        network programming languages, openflow},
}


% Pyretic
@inproceedings{monsanto2013composing,
    author = {Monsanto, Christopher and Reich, Joshua and Foster,
        Nate and Rexford, Jennifer and Walker, David},
    title = {Composing software-defined networks},
    booktitle = {Proceedings of the 10th USENIX conference on Networked
        Systems Design and Implementation},
    series = {nsdi'13},
    year = {2013},
    location = {Lombard, IL},
    pages = {1--14},
    numpages = {14},
    url = {http://dl.acm.org/citation.cfm?id=2482626.2482629},
    acmid = {2482629},
    publisher = {USENIX Association},
    address = {Berkeley, CA, USA},
}


% Resilient Overlay
@article{anderson2001resilient,
    title={Resilient Overlay Networks},
    author={David, Andersen and Hari, Balakrishnan and Frans, Kaashoek and
        Robert, Morris},
    url={http://dl.acm.org/citation.cfm?doid=502034.502048},
    year={2001},
    publisher={ACM New York, NY, USA}
}


% Gnutella
@article{ripeanu2002mapping,
    title={Mapping the Gnutella Network},
    author={RIPEANU Matei,IMAMNITCHI Adriana, FOSTER Ian},
    url={http://dl.acm.org/citation.cfm?id=613670},
    year={2002},
    publisher={IEEE Internet Computing}
}

% CCN
@article{van2009networking,
    title={Networking Named Content},
    author={van Jacobson},
    url={http://conferences.sigcomm.org/imc/2006/papers/p20-legout.pdf},
    year={2009},
    publisher={ACM}
}

% Akamai
@article{dilley2002globally,
    title={Globally Distributed Content Delivery},
    author={John, Dilley and Bruce, Maggs and Jay, Parikh and Harald, Prokop
      and Ramesh, Sitaraman and Bill, Weihl},
    url={http://www.akamai.com/dl/technical_publications/
      GloballyDistributedContentDelivery.pdf},
    year={2002},
    publisher={EEE INTERNET COMPUTING}
}

% CoralCDN
@article{freedman2010experiences,
    title={Experiences with CoralCDN: A Five-Year Operational View},
    author={Michael J. Freedman},
    url={http://www.coralcdn.org/docs/coral-nsdi10.pdf},
    year={2010},
    publisher={NSDI ’10}
}

@article{ion2001chord,
    title={Chord: A Scalable Peer-to-peer Lookup Protocol
    for Internet Applications},
    author={Ion, Stoica and Robert, Morris and David, Liben-Nowell and David
        R., Karger and M. Frans, Kaashoek and Frank, Dabek and
            Hari, Balakrishnan},
    url={http://dl.acm.org/citation.cfm?id=383071},
    year={2001},
    publisher={SIGCOMM '01}
}


% Future of the Internet
@article{jennifer2010future,
    title={Future Internet Architecture},
    author={Jennifer Rexford, Constantine Dovrolis},
    url={http://conferences.sigcomm.org/imc/2006/papers/p20-legout.pdf},
    year={2010},
    publisher={ACM}
}


% NOX
@article{arsalan2009applying,
    title={Applying NOX to the Datacenter},
    author={Arsalan, Tavakoli and Martin, Casado and Teemu, Koponen and
        Scott, Shenker},
    year={2009},
    publisher={ACM}
}

% ICN
@article{bong2009information,
    title={An Information-Centric Architecture for Data Center Networks},
    author={Bong, Jun Ko and Vasileios, Pappas and Ramya, Raghavendra and
    Yang, Song and Raheleh, B. Dilmaghani and Kang-Won, Lee and Dinesh, Verma},
    year={2012},
    publisher={ICN’12}
}


% VM Migration
@article{erik2012live,
    title={Live Migration of an Entire Network (and its Hosts)},
    author={Eric, Keller† and Soudeh, Ghorbani and Matt, Caesar and
        Jennifer Rexford},
    year={2012},
    publisher={Hotnets}
}


% Middleboxes
@article{aaron2012toward,
    title={Toward Software-Defined Middlebox Networking},
    author={Aaron, Gember and Prathmesh, Prabhu and Zainab, Ghadiyali
        and  Aditya, Akella},
    year={2012},
    publisher={ACM HOTNETS}
}


% Run-time configuration using SDN
@article{programming2012guohui,
    title={Programming Your Network at Run-time for Big Data Applications},
    author={Guohui Wang, T. S. Eugene Ng, Anees Shaikh},
    year={2012},
    publisher={HotSDN’12}
}


% Fabric approach
@article{fabric2012martin,
    title={Fabric: A Retrospective on Evolving SDN},
    author={Martín, Casado and Teemu, Koponen and Scott, Shenker
        and Amin, Tootoonchian},
    year={2012},
    publisher={HotSDN '12}
}

% NOX
@article{gude2008nox,
    Acmid = {1384625},
    Address = {New York, NY, USA},
    Author = {Gude, Natasha and Koponen, Teemu and Pettit, Justin and Pfaff,
        Ben and Casado, Mart\'{\i}n and McKeown, Nick and Shenker, Scott},
    Doi = {http://doi.acm.org/10.1145/1384609.1384625},
    Issn = {0146-4833},
    Issue = {3},
    Journal = {SIGCOMM Computer Communication Review},
    Month = {July},
    Pages = {105-110},
    Publisher = {ACM},
    Title = {{NOX}: towards an operating system for networks},
    Url = {http://doi.acm.org/10.1145/1384609.1384625},
    Volume = {38},
    Year = {2008},
    Bdsk-Url-1 = {http://doi.acm.org/10.1145/1384609.1384625}
}


@article{hinrichs2009pratical,
    Acmid = {1592683},
    Address = {New York, NY, USA},
    Author = {Hinrichs, Timothy L. and Gude, Natasha S. and Casado, Martin
              and Mitchell, John C. and Shenker, Scott},
    Booktitle = {Proceedings of the 1st ACM workshop on Research on
                 enterprise networking},
    Doi = {10.1145/1592681.1592683},
    Isbn = {978-1-60558-443-0},
    Keywords = {network, performance, policy, security},
    Location = {Barcelona, Spain},
    Numpages = {10},
    Pages = {1-10},
    Publisher = {ACM},
    Series = {WREN '09},
    Title = {Practical declarative network management},
    Url = {http://doi.acm.org/10.1145/1592681.1592683},
    Year = {2009},
    Bdsk-Url-1 = {http://doi.acm.org/10.1145/1592681.1592683},
    Bdsk-Url-2 = {http://dx.doi.org/10.1145/1592681.1592683}
}


% IPÊ Network
@ONLINE{ipe2015network,
    author = {Rede IPÊ, RNP},
    title = {Rede IPÊ},
    month = Mar,
    year = {2015},
    url = {http://www.rnp.br/servicos/conectividade/rede-ipe}
}


% RedCLARA Network
@ONLINE{redclara2015network,
    author = {RedCLARA, RedCLARA},
    title = {Rede RedCLARA},
    month = Mar,
    year = {2015},
    url = {http://www.redclara.net/index.php/pt/}
}


% Geant network
@ONLINE{geant2015network,
    author = {Geant, Geant},
    title = {Rede Geant},
    month = Mar,
    year = {2015},
    url = {http://www.geant.net/Pages/default.aspx}
}


% Internet2 network
@ONLINE{internet22015network,
    author = {Internet2, Internet2},
    title = {Rede Internet2},
    month = Mar,
    year = {2015},
    url = {http://www.internet2.edu/}
}


% WiNet network
@ONLINE{winet22015lab,
    author = {DCC-UFMG, WiNet},
    title = {Laboratório WiNet},
    month = Mar,
    year = {2015},
    url = {http://www.winet.dcc.ufmg.br}
}


% OpenVSwitch network
@ONLINE{openvswitch2015switch,
    author = {OpenVSwitch, OpenVSwitch},
    title = {Switch virtual OpenVSwitch},
    month = Mar,
    year = {2015},
    url = {http://openvswitch.org/}
}


% Mininet
@article{lantz2010network,
    author = {Lantz, Bob and Heller, Brandon and McKeown, Nick},
    title = {A Network in a Laptop: Rapid Prototyping for
            Software-defined Networks},
    booktitle = {Proceedings of the 9th ACM SIGCOMM Workshop on
                Hot Topics in Networks},
    series = {Hotnets-IX},
    year = {2010},
    isbn = {978-1-4503-0409-2},
    location = {Monterey, California},
    pages = {19:1--19:6},
    articleno = {19},
    numpages = {6},
    url = {http://doi.acm.org/10.1145/1868447.1868466},
    doi = {10.1145/1868447.1868466},
    acmid = {1868466},
    publisher = {ACM},
    address = {New York, NY, USA},
    keywords = {emulation, open-flow, rapid prototyping, software
               defined networking, virtualization},
}


% OpenFlow Based Load Balancing
@article{hardeep2010openflow,
    author = {Hardeep Uppal and Dane Brandon},
    year = {2010},
    title = {OpenFlow Based Load Balancing},
}


% OpenFlow-based server load balancing gone wild
@article{richard2011openflow,
    author = {Richard Wang and Dana Butnariu and Jennifer Rexford},
    year = {2011},
    title = {OpenFlow-based server load balancing gone wild},
    publisher = {USENIX}
}


% Aster*x: Load-Balancing as a Network Primitive
@article{nikhil2010asterix,
    author = {Nikhil Handigol and Mario Flajslik and Srini Seetharaman
                  and Ramesh Johari and Nick McKeown},
    year = {2010},
    title = {Aster*x: Load-Balancing as a Network Primitive},
    url = {http://yuba.stanford.edu/~nikhilh/pubs/handigol-acld10.pdf},
    publisher = {Stanford University}
}


% Plug-n-Serve: Load-Balancing Web Traffic using OpenFlow
@article{nikhil2009plugnserve,
    author={Nikhil Handigol and Mario Flajslik and Srini Seetharaman
            and Ramesh Johari, Nick McKeown},
    year = {2009},
    title = {Plug-n-Serve: Load-Balancing Web Trafic using OpenFlow},
    url = {http://conferences.sigcomm.org/sigcomm/2009/
        demos/sigcomm-pd-2009-final26.pdf},
    publisher = {Sigcomm 2009}
}


% Diffusive Load-Balancing Policies for Dynamic Applications
@article{charalampos2013modelling,
    author = {Charalampos Mavroforakis, Dimitris Papadopoulos},
    year = {2013},
    title = {Modelling of OpenFlow Controllers with Alloy:
            A Load-Balancing Protocol},
    url = {http://cs-people.bu.edu/cmav/cs512/
            CS512ProjectReport_HarryMavroforakis_DimitrisPapadopoulos.pdf}
}


% A distributed control plane
@article{dixit2013towards,
    author = {Dixit, Advait and Hao, Fang and Mukherjee, Sarit and Lakshman,
            T.V. and Kompella, Ramana},
    title = {Towards an Elastic Distributed SDN Controller},
    journal = {SIGCOMM Comput. Commun. Rev.},
    url = {http://doi.acm.org/10.1145/2534169.2491193},
    publisher = {ACM},
    keywords = {data center networks, software-defined networks},
}


% simple tornado server
@OTHER{tornado,
    author = {FriendFeed},
    title = {Tornado},
    month = Dec,
    year = {2013},
    url = {http://www.tornadoweb.org/en/stable/}
}


% Load balancer in virtualization envioronment
@inproceedings{chen2014design,
    author = {Chen, Wenbo and Li, Hui and Ma, Qiang and Shang, Zhihao},
    title = {Design and Implementation of Server Cluster Dynamic Load
            Balancing in Virtualization Environment Based on OpenFlow},
    booktitle = {Proceedings of The Ninth International Conference on
                 Future Internet Technologies},
    series = {CFI '14},
    year = {2014},
    isbn = {978-1-4503-2942-2},
    location = {Tokyo, Japan},
    pages = {9:1--9:6},
    articleno = {9},
    numpages = {6},
    url = {http://doi.acm.org/10.1145/2619287.2619288},
    doi = {10.1145/2619287.2619288},
    acmid = {2619288},
    publisher = {ACM},
    address = {New York, NY, USA},
    keywords = {OpenFlow, load balancing, load balancing scheduling
                algorithm, virtualization},
}


% Equacao de justica JAIN' fairneess index
@book{jain,
  title={A quantitative measure of fairness and discrimination for resource
        allocation in shared computer system},
  author={Jain, Raj and Chiu, Dah-Ming and Hawe, William R},
  year={1984},
  publisher={Eastern Research Laboratory, Digital Equipment
            Corporation Hudson, MA}
}


% Sys stat
@ONLINE{sebastien2015sysstat,
    author = {sebastien, godard},
    title = {Sysstat},
    month = Mar,
    year = {2015},
    url = {http://sebastien.godard.pagesperso-orange.fr/}
}

@article{maurer1975hash,
    author = {Maurer, W. D. and Lewis, T. G.},
    title = {Hash Table Methods},
    journal = {ACM Comput. Surv.},
    issue_date = {March 1975},
    volume = {7},
    number = {1},
    month = mar,
    year = {1975},
    issn = {0360-0300},
    pages = {5--19},
    numpages = {15},
    url = {http://doi.acm.org/10.1145/356643.356645},
    doi = {10.1145/356643.356645},
    acmid = {356645},
    publisher = {ACM},
    address = {New York, NY, USA},
}

@inproceedings{lcn2013,
        Author = {Rog\'{e}rio V Nunes and Raphael L. Pontes and Dorgival Guedes},
        Booktitle = {Proceedings of the 38th IEEE Conference on Local Computer Networks (LCN)},
        Organization = {IEEE},
        Pages = {700--703},
        Title = {Virtualized Network Isolation Using Software Defined Networks},
        Year = {2013}
}

@misc{openstacksite,
        Date-Added = {2012-11-16 00:17:12 +0000},
        Date-Modified = {2012-11-16 00:18:12 +0000},
        Howpublished = {http://openstack.org/},
        Month = {March},
        Title = {OpenStack:Open source software for building private and public clouds},
        Year = {2012}
}


# Floodlight site
@ONLINE{floodlight2016,
    author = {Projeto Floodlight},
    title = {Floodlight - Open Source software for building SDN},
    month = Apr,
    year = {2014},
    url = {http://www.projectfloodlight.org/}
}

# ONOS Controller
@inproceedings{berde2016onos,
     author = {Berde, Pankaj and Gerola, Matteo and Hart, Jonathan and Higuchi,
               Yuta and Kobayashi, Masayoshi and Koide, Toshio and Lantz, Bob
               and O'Connor, Brian and Radoslavov, Pavlin and Snow, William and
               Parulkar, Guru},
     title = {ONOS: Towards an Open, Distributed SDN OS},
     booktitle = {Proceedings of the Third Workshop on Hot Topics in Software
                  Defined Networking},
     series = {HotSDN '14},
     year = {2014},
     isbn = {978-1-4503-2989-7},
     location = {Chicago, Illinois, USA},
     pages = {1--6},
     numpages = {6},
     url = {http://doi.acm.org/10.1145/2620728.2620744},
     doi = {10.1145/2620728.2620744},
     acmid = {2620744},
     publisher = {ACM},
     address = {New York, NY, USA},
     keywords = {controller, distributed controller, network operating system,
                 onos, openflow, sdn, software defined networking},
}
